<record><leader>00000cas a22000007a 4500</leader><controlfield tag="001">17559296</controlfield><controlfield tag="008">880301d19271935ohucr ne      0    0eng d</controlfield><datafield ind1=" " ind2=" " tag="010"><subfield code="a">sn 88077275 </subfield></datafield><datafield ind1=" " ind2=" " tag="040"><subfield code="a">ONP</subfield><subfield code="b">eng</subfield><subfield code="c">ONP</subfield><subfield code="d">OCLCQ</subfield></datafield><datafield ind1=" " ind2=" " tag="042"><subfield code="a">msc</subfield></datafield><datafield ind1="0" ind2="4" tag="245"><subfield code="a">The Eaton semi-weekly news.</subfield></datafield><datafield ind1=" " ind2=" " tag="260"><subfield code="a">[Eaton, Ohio] :</subfield><subfield code="b">Eaton Democrat Co.,</subfield><subfield code="c">1927-1935.</subfield></datafield><datafield ind1=" " ind2=" " tag="310"><subfield code="a">Semiweekly</subfield></datafield><datafield ind1="0" ind2=" " tag="362"><subfield code="a">Vol. 58, no. 31 (Jan. 4, 1927)-v. 66, no. 52 (Mar. 28, 1935).</subfield></datafield><datafield ind1=" " ind2=" " tag="752"><subfield code="a">United States</subfield><subfield code="b">Ohio</subfield><subfield code="c">Preble</subfield><subfield code="d">Eaton.</subfield></datafield><datafield ind1="0" ind2="0" tag="780"><subfield code="t">Eaton Democrat (Eaton, Ohio : 1911)</subfield><subfield code="w">(DLC)sn 88077274</subfield></datafield><datafield ind1="0" ind2="0" tag="785"><subfield code="t">Eaton Democrat (Eaton, Ohio : 1935)</subfield><subfield code="w">(DLC)sn 88077276</subfield></datafield></record>